%YAML 1.1
%TAG !u! tag:unity3d.com,2011:
--- !u!1 &1900254529598650235
GameObject:
  m_ObjectHideFlags: 0
  m_CorrespondingSourceObject: {fileID: 0}
  m_PrefabInstance: {fileID: 0}
  m_PrefabAsset: {fileID: 0}
  serializedVersion: 6
  m_Component:
  - component: {fileID: 6224148883581957199}
  - component: {fileID: 6107846055320584407}
  - component: {fileID: 2039435614097721770}
  - component: {fileID: 7935711839711950136}
  - component: {fileID: 6287179645766773275}
  m_Layer: 0
  m_Name: CaptureFeedbacks
  m_TagString: Untagged
  m_Icon: {fileID: 0}
  m_NavMeshLayer: 0
  m_StaticEditorFlags: 0
  m_IsActive: 1
--- !u!4 &6224148883581957199
Transform:
  m_ObjectHideFlags: 0
  m_CorrespondingSourceObject: {fileID: 0}
  m_PrefabInstance: {fileID: 0}
  m_PrefabAsset: {fileID: 0}
  m_GameObject: {fileID: 1900254529598650235}
  m_LocalRotation: {x: 0, y: 0, z: 0, w: 1}
  m_LocalPosition: {x: 0, y: 0, z: 0}
  m_LocalScale: {x: 1, y: 1, z: 1}
  m_Children: []
  m_Father: {fileID: 2606519183735948921}
  m_RootOrder: 1
  m_LocalEulerAnglesHint: {x: 0, y: 0, z: 0}
--- !u!114 &6107846055320584407
MonoBehaviour:
  m_ObjectHideFlags: 0
  m_CorrespondingSourceObject: {fileID: 0}
  m_PrefabInstance: {fileID: 0}
  m_PrefabAsset: {fileID: 0}
  m_GameObject: {fileID: 1900254529598650235}
  m_Enabled: 1
  m_EditorHideFlags: 0
  m_Script: {fileID: 11500000, guid: 841b72de2996c5c40bfb394f3d0e0a98, type: 3}
  m_Name: 
  m_EditorClassIdentifier: 
  Feedbacks:
  - {fileID: 7935711839711950136}
  - {fileID: 2039435614097721770}
  - {fileID: 6287179645766773275}
  InitializationMode: 2
  SafeMode: 3
  Direction: 0
  AutoChangeDirectionOnEnd: 0
  AutoPlayOnStart: 0
  AutoPlayOnEnable: 0
  DurationMultiplier: 1
  DisplayFullDurationDetails: 0
  CooldownDuration: 0
  InitialDelay: 0
  CanPlayWhileAlreadyPlaying: 1
  FeedbacksIntensity: 1
  Events:
    TriggerMMFeedbacksEvents: 0
    TriggerUnityEvents: 1
    OnPlay:
      m_PersistentCalls:
        m_Calls: []
    OnPause:
      m_PersistentCalls:
        m_Calls: []
    OnResume:
      m_PersistentCalls:
        m_Calls: []
    OnRevert:
      m_PersistentCalls:
        m_Calls: []
    OnComplete:
      m_PersistentCalls:
        m_Calls: []
  DebugActive: 0
--- !u!114 &2039435614097721770
MonoBehaviour:
  m_ObjectHideFlags: 0
  m_CorrespondingSourceObject: {fileID: 0}
  m_PrefabInstance: {fileID: 0}
  m_PrefabAsset: {fileID: 0}
  m_GameObject: {fileID: 1900254529598650235}
  m_Enabled: 1
  m_EditorHideFlags: 0
  m_Script: {fileID: 11500000, guid: 5f1326a5f4dbb874f9c42effa0befa36, type: 3}
  m_Name: 
  m_EditorClassIdentifier: 
  Active: 1
  Label: Haptics
  Chance: 100
  Timing:
    TimescaleMode: 0
    InitialDelay: 0
    CooldownDuration: 0
    ExcludeFromHoldingPauses: 0
    InterruptsOnStop: 1
    NumberOfRepeats: 0
    RepeatForever: 0
    DelayBetweenRepeats: 1
    MMFeedbacksDirectionCondition: 0
    PlayDirection: 0
    ConstantIntensity: 0
    UseIntensityInterval: 0
    IntensityIntervalMin: 0
    IntensityIntervalMax: 0
    Sequence: {fileID: 0}
    TrackID: 0
    Quantized: 0
    TargetBPM: 120
  DebugActive: 0
  HapticMethod: 0
  HapticType: 7
  TransientIntensity: 1
  TransientSharpness: 1
  ATVibrateIOS: 1
  ATIOSIntensity: 1
  ATIOSSharpness: 1
  ATVibrateAndroid: 1
  ATVibrateAndroidIfNoSupport: 0
  ATAndroidIntensity: 1
  ATAndroidSharpness: 1
  ATRumble: 1
  ATRumbleIntensity: 1
  ATRumbleSharpness: 1
  ATRumbleControllerID: -1
  InitialContinuousIntensity: 1
  ContinuousIntensityCurve:
    serializedVersion: 2
    m_Curve:
    - serializedVersion: 3
      time: 0
      value: 1
      inSlope: 0
      outSlope: 0
      tangentMode: 0
      weightedMode: 0
      inWeight: 0
      outWeight: 0
    - serializedVersion: 3
      time: 1
      value: 1
      inSlope: 0
      outSlope: 0
      tangentMode: 0
      weightedMode: 0
      inWeight: 0
      outWeight: 0
    m_PreInfinity: 2
    m_PostInfinity: 2
    m_RotationOrder: 4
  InitialContinuousSharpness: 1
  ContinuousSharpnessCurve:
    serializedVersion: 2
    m_Curve:
    - serializedVersion: 3
      time: 0
      value: 1
      inSlope: 0
      outSlope: 0
      tangentMode: 0
      weightedMode: 0
      inWeight: 0
      outWeight: 0
    - serializedVersion: 3
      time: 1
      value: 1
      inSlope: 0
      outSlope: 0
      tangentMode: 0
      weightedMode: 0
      inWeight: 0
      outWeight: 0
    m_PreInfinity: 2
    m_PostInfinity: 2
    m_RotationOrder: 4
  ContinuousDuration: 1
  APVibrateIOS: 1
  AHAPFileForIOS: {fileID: 0}
  APVibrateAndroid: 1
  APVibrateAndroidIfNoSupport: 0
  AndroidWaveFormFile: {fileID: 0}
  APRumble: 1
  RumbleWaveFormFile: {fileID: 0}
  AndroidRepeat: -1
  RumbleRepeat: -1
  OldIOSFallback: 0
  Timescale: 1
  AllowRumble: 1
  ControllerID: -1
--- !u!114 &7935711839711950136
MonoBehaviour:
  m_ObjectHideFlags: 0
  m_CorrespondingSourceObject: {fileID: 0}
  m_PrefabInstance: {fileID: 0}
  m_PrefabAsset: {fileID: 0}
  m_GameObject: {fileID: 1900254529598650235}
  m_Enabled: 1
  m_EditorHideFlags: 0
  m_Script: {fileID: 11500000, guid: 0c2ce51367856bd49b72678cc4263225, type: 3}
  m_Name: 
  m_EditorClassIdentifier: 
  Active: 1
  Label: Sound
  Chance: 100
  Timing:
    TimescaleMode: 0
    InitialDelay: 0
    CooldownDuration: 0
    ExcludeFromHoldingPauses: 0
    InterruptsOnStop: 1
    NumberOfRepeats: 0
    RepeatForever: 0
    DelayBetweenRepeats: 1
    MMFeedbacksDirectionCondition: 0
    PlayDirection: 0
    ConstantIntensity: 0
    UseIntensityInterval: 0
    IntensityIntervalMin: 0
    IntensityIntervalMax: 0
    Sequence: {fileID: 0}
    TrackID: 0
    Quantized: 0
    TargetBPM: 120
  DebugActive: 0
  Sfx: {fileID: 8300000, guid: 7c70469ba8673b643b46c62e9cc5f36a, type: 3}
  RandomSfx: []
  TestButton: 0
  TestStopButton: 0
  PlayMethod: 2
  PoolSize: 10
  MinVolume: 1
  MaxVolume: 1
  MinPitch: 1
  MaxPitch: 1
  SfxAudioMixerGroup: {fileID: 0}
--- !u!114 &6287179645766773275
MonoBehaviour:
  m_ObjectHideFlags: 0
  m_CorrespondingSourceObject: {fileID: 0}
  m_PrefabInstance: {fileID: 0}
  m_PrefabAsset: {fileID: 0}
  m_GameObject: {fileID: 1900254529598650235}
  m_Enabled: 1
  m_EditorHideFlags: 0
  m_Script: {fileID: 11500000, guid: 4cf8e1825623fb34b9fc92dbef54ec56, type: 3}
  m_Name: 
  m_EditorClassIdentifier: 
  Active: 1
  Label: Flash
  Chance: 100
  Timing:
    TimescaleMode: 0
    InitialDelay: 0
    CooldownDuration: 0
    ExcludeFromHoldingPauses: 0
    InterruptsOnStop: 1
    NumberOfRepeats: 0
    RepeatForever: 0
    DelayBetweenRepeats: 1
    MMFeedbacksDirectionCondition: 0
    PlayDirection: 0
    ConstantIntensity: 0
    UseIntensityInterval: 0
    IntensityIntervalMin: 0
    IntensityIntervalMax: 0
    Sequence: {fileID: 0}
    TrackID: 0
    Quantized: 0
    TargetBPM: 120
  DebugActive: 0
  Channel: 0
  FlashColor: {r: 1, g: 1, b: 1, a: 1}
  FlashDuration: 0.2
  FlashAlpha: 1
  FlashID: 0
--- !u!1 &2606519183735948922
GameObject:
  m_ObjectHideFlags: 0
  m_CorrespondingSourceObject: {fileID: 0}
  m_PrefabInstance: {fileID: 0}
  m_PrefabAsset: {fileID: 0}
  serializedVersion: 6
  m_Component:
  - component: {fileID: 2606519183735948921}
  - component: {fileID: 2606519183735948920}
  - component: {fileID: 2606519183735948923}
  - component: {fileID: 6775047295715336375}
  m_Layer: 0
  m_Name: BishopPiece
  m_TagString: Untagged
  m_Icon: {fileID: 0}
  m_NavMeshLayer: 0
  m_StaticEditorFlags: 0
  m_IsActive: 1
--- !u!4 &2606519183735948921
Transform:
  m_ObjectHideFlags: 0
  m_CorrespondingSourceObject: {fileID: 0}
  m_PrefabInstance: {fileID: 0}
  m_PrefabAsset: {fileID: 0}
  m_GameObject: {fileID: 2606519183735948922}
  m_LocalRotation: {x: 0, y: 0, z: 0, w: 1}
  m_LocalPosition: {x: 0, y: 0, z: 0}
  m_LocalScale: {x: 1, y: 1, z: 1}
  m_Children:
  - {fileID: 3132371762614884699}
  - {fileID: 6224148883581957199}
  m_Father: {fileID: 0}
  m_RootOrder: 0
  m_LocalEulerAnglesHint: {x: 0, y: 0, z: 0}
--- !u!212 &2606519183735948920
SpriteRenderer:
  m_ObjectHideFlags: 0
  m_CorrespondingSourceObject: {fileID: 0}
  m_PrefabInstance: {fileID: 0}
  m_PrefabAsset: {fileID: 0}
  m_GameObject: {fileID: 2606519183735948922}
  m_Enabled: 1
  m_CastShadows: 0
  m_ReceiveShadows: 0
  m_DynamicOccludee: 1
  m_MotionVectors: 1
  m_LightProbeUsage: 1
  m_ReflectionProbeUsage: 1
  m_RayTracingMode: 0
  m_RayTraceProcedural: 0
  m_RenderingLayerMask: 1
  m_RendererPriority: 0
  m_Materials:
  - {fileID: 10754, guid: 0000000000000000f000000000000000, type: 0}
  m_StaticBatchInfo:
    firstSubMesh: 0
    subMeshCount: 0
  m_StaticBatchRoot: {fileID: 0}
  m_ProbeAnchor: {fileID: 0}
  m_LightProbeVolumeOverride: {fileID: 0}
  m_ScaleInLightmap: 1
  m_ReceiveGI: 1
  m_PreserveUVs: 0
  m_IgnoreNormalsForChartDetection: 0
  m_ImportantGI: 0
  m_StitchLightmapSeams: 1
  m_SelectedEditorRenderState: 0
  m_MinimumChartSize: 4
  m_AutoUVMaxDistance: 0.5
  m_AutoUVMaxAngle: 89
  m_LightmapParameters: {fileID: 0}
  m_SortingLayerID: 0
  m_SortingLayer: 0
  m_SortingOrder: 0
  m_Sprite: {fileID: 21300000, guid: 57d3b5bff747e2941b17d9ac793ef4d2, type: 3}
  m_Color: {r: 1, g: 1, b: 1, a: 1}
  m_FlipX: 0
  m_FlipY: 0
  m_DrawMode: 0
  m_Size: {x: 1, y: 1}
  m_AdaptiveModeThreshold: 0.5
  m_SpriteTileMode: 0
  m_WasSpriteAssigned: 1
  m_MaskInteraction: 0
  m_SpriteSortPoint: 0
--- !u!114 &2606519183735948923
MonoBehaviour:
  m_ObjectHideFlags: 0
  m_CorrespondingSourceObject: {fileID: 0}
  m_PrefabInstance: {fileID: 0}
  m_PrefabAsset: {fileID: 0}
  m_GameObject: {fileID: 2606519183735948922}
  m_Enabled: 1
  m_EditorHideFlags: 0
  m_Script: {fileID: 11500000, guid: 85eab7b9718dbbb4eb8f99dc1a682be4, type: 3}
  m_Name: 
  m_EditorClassIdentifier: 
  serializationData:
    SerializedFormat: 2
    SerializedBytes: 
    ReferencedUnityObjects: []
    SerializedBytesString: 
    Prefab: {fileID: 0}
    PrefabModificationsReferencedUnityObjects: []
    PrefabModifications: []
    SerializationNodes:
    - Name: Color
      Entry: 3
      Data: 1
  _blackSprite: {fileID: 21300000, guid: 36ce3740728271d4ba0018c0cb79bc7b, type: 3}
  _whiteSprite: {fileID: 21300000, guid: 57d3b5bff747e2941b17d9ac793ef4d2, type: 3}
  IsAlive: 1
  HasMoved: 0
  MoveFeedbacks: {fileID: 2659291628009450043}
  CaptureFeedbacks: {fileID: 6107846055320584407}
  PositionFeedback: {fileID: 4510008618579233404}
--- !u!61 &6775047295715336375
BoxCollider2D:
  m_ObjectHideFlags: 0
  m_CorrespondingSourceObject: {fileID: 0}
  m_PrefabInstance: {fileID: 0}
  m_PrefabAsset: {fileID: 0}
  m_GameObject: {fileID: 2606519183735948922}
  m_Enabled: 1
  m_Density: 1
  m_Material: {fileID: 0}
  m_IsTrigger: 0
  m_UsedByEffector: 0
  m_UsedByComposite: 0
  m_Offset: {x: 0, y: 0}
  m_SpriteTilingProperty:
    border: {x: 0, y: 0, z: 0, w: 0}
    pivot: {x: 0.5, y: 0.5}
    oldSize: {x: 0.94736844, y: 1}
    newSize: {x: 1, y: 1}
    adaptiveTilingThreshold: 0.5
    drawMode: 0
    adaptiveTiling: 0
  m_AutoTiling: 0
  serializedVersion: 2
  m_Size: {x: 0.94736844, y: 1}
  m_EdgeRadius: 0
--- !u!1 &5939986115481623184
GameObject:
  m_ObjectHideFlags: 0
  m_CorrespondingSourceObject: {fileID: 0}
  m_PrefabInstance: {fileID: 0}
  m_PrefabAsset: {fileID: 0}
  serializedVersion: 6
  m_Component:
  - component: {fileID: 3132371762614884699}
  - component: {fileID: 2659291628009450043}
  - component: {fileID: 6775144524387274729}
  - component: {fileID: 5479667399117836610}
  - component: {fileID: 4510008618579233404}
  m_Layer: 0
  m_Name: MoveFeedbacks
  m_TagString: Untagged
  m_Icon: {fileID: 0}
  m_NavMeshLayer: 0
  m_StaticEditorFlags: 0
  m_IsActive: 1
--- !u!4 &3132371762614884699
Transform:
  m_ObjectHideFlags: 0
  m_CorrespondingSourceObject: {fileID: 0}
  m_PrefabInstance: {fileID: 0}
  m_PrefabAsset: {fileID: 0}
  m_GameObject: {fileID: 5939986115481623184}
  m_LocalRotation: {x: 0, y: 0, z: 0, w: 1}
  m_LocalPosition: {x: 0, y: 0, z: 0}
  m_LocalScale: {x: 1, y: 1, z: 1}
  m_Children: []
  m_Father: {fileID: 2606519183735948921}
  m_RootOrder: 0
  m_LocalEulerAnglesHint: {x: 0, y: 0, z: 0}
--- !u!114 &2659291628009450043
MonoBehaviour:
  m_ObjectHideFlags: 0
  m_CorrespondingSourceObject: {fileID: 0}
  m_PrefabInstance: {fileID: 0}
  m_PrefabAsset: {fileID: 0}
  m_GameObject: {fileID: 5939986115481623184}
  m_Enabled: 1
  m_EditorHideFlags: 0
  m_Script: {fileID: 11500000, guid: 841b72de2996c5c40bfb394f3d0e0a98, type: 3}
  m_Name: 
  m_EditorClassIdentifier: 
  Feedbacks:
  - {fileID: 6775144524387274729}
  - {fileID: 5479667399117836610}
  - {fileID: 4510008618579233404}
  InitializationMode: 2
  SafeMode: 3
  Direction: 0
  AutoChangeDirectionOnEnd: 0
  AutoPlayOnStart: 0
  AutoPlayOnEnable: 0
  DurationMultiplier: 1
  DisplayFullDurationDetails: 0
  CooldownDuration: 0
  InitialDelay: 0
  CanPlayWhileAlreadyPlaying: 1
  FeedbacksIntensity: 1
  Events:
    TriggerMMFeedbacksEvents: 0
    TriggerUnityEvents: 1
    OnPlay:
      m_PersistentCalls:
        m_Calls: []
    OnPause:
      m_PersistentCalls:
        m_Calls: []
    OnResume:
      m_PersistentCalls:
        m_Calls: []
    OnRevert:
      m_PersistentCalls:
        m_Calls: []
    OnComplete:
      m_PersistentCalls:
        m_Calls: []
  DebugActive: 0
--- !u!114 &6775144524387274729
MonoBehaviour:
  m_ObjectHideFlags: 0
  m_CorrespondingSourceObject: {fileID: 0}
  m_PrefabInstance: {fileID: 0}
  m_PrefabAsset: {fileID: 0}
  m_GameObject: {fileID: 5939986115481623184}
  m_Enabled: 1
  m_EditorHideFlags: 0
  m_Script: {fileID: 11500000, guid: 0c2ce51367856bd49b72678cc4263225, type: 3}
  m_Name: 
  m_EditorClassIdentifier: 
  Active: 1
  Label: Sound
  Chance: 100
  Timing:
    TimescaleMode: 0
    InitialDelay: 0
    CooldownDuration: 0
    ExcludeFromHoldingPauses: 0
    InterruptsOnStop: 1
    NumberOfRepeats: 0
    RepeatForever: 0
    DelayBetweenRepeats: 1
    MMFeedbacksDirectionCondition: 0
    PlayDirection: 0
    ConstantIntensity: 0
    UseIntensityInterval: 0
    IntensityIntervalMin: 0
    IntensityIntervalMax: 0
    Sequence: {fileID: 0}
    TrackID: 0
    Quantized: 0
    TargetBPM: 120
  DebugActive: 0
  Sfx: {fileID: 8300000, guid: d846321bdf7ec4d47a78ae813421d8aa, type: 3}
  RandomSfx: []
  TestButton: 0
  TestStopButton: 0
  PlayMethod: 2
  PoolSize: 10
  MinVolume: 1
  MaxVolume: 1
  MinPitch: 1
  MaxPitch: 1
  SfxAudioMixerGroup: {fileID: 0}
--- !u!114 &5479667399117836610
MonoBehaviour:
  m_ObjectHideFlags: 0
  m_CorrespondingSourceObject: {fileID: 0}
  m_PrefabInstance: {fileID: 0}
  m_PrefabAsset: {fileID: 0}
  m_GameObject: {fileID: 5939986115481623184}
  m_Enabled: 1
  m_EditorHideFlags: 0
  m_Script: {fileID: 11500000, guid: 5f1326a5f4dbb874f9c42effa0befa36, type: 3}
  m_Name: 
  m_EditorClassIdentifier: 
  Active: 1
  Label: Haptics
  Chance: 100
  Timing:
    TimescaleMode: 0
    InitialDelay: 0
    CooldownDuration: 0
    ExcludeFromHoldingPauses: 0
    InterruptsOnStop: 1
    NumberOfRepeats: 0
    RepeatForever: 0
    DelayBetweenRepeats: 1
    MMFeedbacksDirectionCondition: 0
    PlayDirection: 0
    ConstantIntensity: 0
    UseIntensityInterval: 0
    IntensityIntervalMin: 0
    IntensityIntervalMax: 0
    Sequence: {fileID: 0}
    TrackID: 0
    Quantized: 0
    TargetBPM: 120
  DebugActive: 0
  HapticMethod: 2
  HapticType: 4
  TransientIntensity: 1
  TransientSharpness: 1
  ATVibrateIOS: 1
  ATIOSIntensity: 1
  ATIOSSharpness: 1
  ATVibrateAndroid: 1
  ATVibrateAndroidIfNoSupport: 0
  ATAndroidIntensity: 1
  ATAndroidSharpness: 1
  ATRumble: 1
  ATRumbleIntensity: 1
  ATRumbleSharpness: 1
  ATRumbleControllerID: -1
  InitialContinuousIntensity: 1
  ContinuousIntensityCurve:
    serializedVersion: 2
    m_Curve:
    - serializedVersion: 3
      time: 0
      value: 1
      inSlope: 0
      outSlope: 0
      tangentMode: 0
      weightedMode: 0
      inWeight: 0
      outWeight: 0
    - serializedVersion: 3
      time: 1
      value: 1
      inSlope: 0
      outSlope: 0
      tangentMode: 0
      weightedMode: 0
      inWeight: 0
      outWeight: 0
    m_PreInfinity: 2
    m_PostInfinity: 2
    m_RotationOrder: 4
  InitialContinuousSharpness: 1
  ContinuousSharpnessCurve:
    serializedVersion: 2
    m_Curve:
    - serializedVersion: 3
      time: 0
      value: 1
      inSlope: 0
      outSlope: 0
      tangentMode: 0
      weightedMode: 0
      inWeight: 0
      outWeight: 0
    - serializedVersion: 3
      time: 1
      value: 1
      inSlope: 0
      outSlope: 0
      tangentMode: 0
      weightedMode: 0
      inWeight: 0
      outWeight: 0
    m_PreInfinity: 2
    m_PostInfinity: 2
    m_RotationOrder: 4
  ContinuousDuration: 1
  APVibrateIOS: 1
  AHAPFileForIOS: {fileID: 0}
  APVibrateAndroid: 1
  APVibrateAndroidIfNoSupport: 0
  AndroidWaveFormFile: {fileID: 0}
  APRumble: 1
  RumbleWaveFormFile: {fileID: 0}
  AndroidRepeat: -1
  RumbleRepeat: -1
  OldIOSFallback: 0
  Timescale: 1
  AllowRumble: 1
  ControllerID: -1
--- !u!114 &4510008618579233404
MonoBehaviour:
  m_ObjectHideFlags: 0
  m_CorrespondingSourceObject: {fileID: 0}
  m_PrefabInstance: {fileID: 0}
  m_PrefabAsset: {fileID: 0}
  m_GameObject: {fileID: 5939986115481623184}
  m_Enabled: 1
  m_EditorHideFlags: 0
  m_Script: {fileID: 11500000, guid: 376d98efc7809f24693ecc03cdc3e05e, type: 3}
  m_Name: 
  m_EditorClassIdentifier: 
  Active: 1
  Label: Position
  Chance: 100
  Timing:
    TimescaleMode: 0
    InitialDelay: 0
    CooldownDuration: 0
    ExcludeFromHoldingPauses: 0
    InterruptsOnStop: 0
    NumberOfRepeats: 0
    RepeatForever: 0
    DelayBetweenRepeats: 1
    MMFeedbacksDirectionCondition: 0
    PlayDirection: 0
    ConstantIntensity: 1
    UseIntensityInterval: 0
    IntensityIntervalMin: 0
    IntensityIntervalMax: 0
    Sequence: {fileID: 0}
    TrackID: 0
    Quantized: 0
    TargetBPM: 120
  DebugActive: 0
  AnimatePositionTarget: {fileID: 2606519183735948922}
  Mode: 2
  TimeScale: 0
  Space: 0
  AnimatePositionDuration: 0.2
  AnimatePositionCurve:
    serializedVersion: 2
    m_Curve:
    - serializedVersion: 3
      time: 0
      value: 0
      inSlope: 0
      outSlope: 0
      tangentMode: 0
      weightedMode: 0
      inWeight: 0
      outWeight: 0
    - serializedVersion: 3
      time: 0.1
      value: 0.05
      inSlope: 0
      outSlope: 0
      tangentMode: 0
      weightedMode: 0
      inWeight: 0
      outWeight: 0
    - serializedVersion: 3
      time: 0.9
      value: 0.95
      inSlope: 0
      outSlope: 0
      tangentMode: 0
      weightedMode: 0
      inWeight: 0
      outWeight: 0
    - serializedVersion: 3
      time: 1
      value: 1
      inSlope: 0
      outSlope: 0
      tangentMode: 0
      weightedMode: 0
      inWeight: 0
      outWeight: 0
    m_PreInfinity: 2
    m_PostInfinity: 2
    m_RotationOrder: 4
  RemapCurveZero: 0
  RemapCurveOne: 1
  AnimateX: 0
  AnimatePositionCurveX:
    serializedVersion: 2
    m_Curve:
    - serializedVersion: 3
      time: 0
      value: 0
      inSlope: 0
      outSlope: 0
      tangentMode: 0
      weightedMode: 0
      inWeight: 0
      outWeight: 0
    - serializedVersion: 3
      time: 0.3
      value: 1
      inSlope: 0
      outSlope: 0
      tangentMode: 0
      weightedMode: 0
      inWeight: 0
      outWeight: 0
    - serializedVersion: 3
      time: 0.6
      value: -1
      inSlope: 0
      outSlope: 0
      tangentMode: 0
      weightedMode: 0
      inWeight: 0
      outWeight: 0
    - serializedVersion: 3
      time: 1
      value: 0
      inSlope: 0
      outSlope: 0
      tangentMode: 0
      weightedMode: 0
      inWeight: 0
      outWeight: 0
    m_PreInfinity: 2
    m_PostInfinity: 2
    m_RotationOrder: 4
  AnimateY: 0
  AnimatePositionCurveY:
    serializedVersion: 2
    m_Curve:
    - serializedVersion: 3
      time: 0
      value: 0
      inSlope: 0
      outSlope: 0
      tangentMode: 0
      weightedMode: 0
      inWeight: 0
      outWeight: 0
    - serializedVersion: 3
      time: 0.3
      value: 1
      inSlope: 0
      outSlope: 0
      tangentMode: 0
      weightedMode: 0
      inWeight: 0
      outWeight: 0
    - serializedVersion: 3
      time: 0.6
      value: -1
      inSlope: 0
      outSlope: 0
      tangentMode: 0
      weightedMode: 0
      inWeight: 0
      outWeight: 0
    - serializedVersion: 3
      time: 1
      value: 0
      inSlope: 0
      outSlope: 0
      tangentMode: 0
      weightedMode: 0
      inWeight: 0
      outWeight: 0
    m_PreInfinity: 2
    m_PostInfinity: 2
    m_RotationOrder: 4
  AnimateZ: 0
  AnimatePositionCurveZ:
    serializedVersion: 2
    m_Curve:
    - serializedVersion: 3
      time: 0
      value: 0
      inSlope: 0
      outSlope: 0
      tangentMode: 0
      weightedMode: 0
      inWeight: 0
      outWeight: 0
    - serializedVersion: 3
      time: 0.3
      value: 1
      inSlope: 0
      outSlope: 0
      tangentMode: 0
      weightedMode: 0
      inWeight: 0
      outWeight: 0
    - serializedVersion: 3
      time: 0.6
      value: -1
      inSlope: 0
      outSlope: 0
      tangentMode: 0
      weightedMode: 0
      inWeight: 0
      outWeight: 0
    - serializedVersion: 3
      time: 1
      value: 0
      inSlope: 0
      outSlope: 0
      tangentMode: 0
      weightedMode: 0
      inWeight: 0
      outWeight: 0
    m_PreInfinity: 2
    m_PostInfinity: 2
    m_RotationOrder: 4
  AllowAdditivePlays: 0
  RelativePosition: 0
  DeterminePositionsOnPlay: 0
  InitialPosition: {x: 0, y: 0, z: 0}
  DestinationPosition: {x: 1, y: 1, z: 1}
  InitialPositionTransform: {fileID: 0}
  DestinationPositionTransform: {fileID: 0}
